<?xml version="1.0" encoding="UTF-8"?><collection xmlns="http://www.loc.gov/MARC21/slim"><record><leader>00425nam--2200133-i-4500</leader><controlfield tag="001">000029751</controlfield><controlfield tag="002">20161230</controlfield><controlfield tag="005">20161230201037</controlfield><controlfield tag="008">060222s1000------------r-----000-0-eng-d</controlfield><datafield ind1=" " ind2=" " tag="080"><subfield code="a">621.31</subfield></datafield><datafield ind1=" " ind2=" " tag="100"><subfield code="a">Kupfmuller, Karl</subfield></datafield><datafield ind1=" " ind2=" " tag="245"><subfield code="a">Die systemtheorie der elektrischen nachrichtenubertragung.mit 480 abbildungen dritte auflage erganzter nachdruck der 2.auflage</subfield></datafield><datafield ind1=" " ind2=" " tag="260"><subfield code="a">Stuttgart, S.Hirzel Verlag, 1968. 412p</subfield></datafield><datafield ind1=" " ind2=" " tag="852"><subfield code="a">76173</subfield></datafield></record></collection>